@misc{soltimer,
    title = {List of cities in Europe by sunshine duration},
    note = {Hentet 25 Mars, 2024},
    author = {Wikipedia},
    url = {https://en.wikipedia.org/wiki/List_of_cities_in_Europe_by_sunshine_duration},
    year = {2024},
}